<?xml version="1.0" encoding="UTF-8"?><record xmlns="http://www.loc.gov/MARC21/slim" xmlns:cinclude="http://apache.org/cocoon/include/1.0" xmlns:zs="http://www.loc.gov/zing/srw/">
  <leader>00677nz  a2200133n  4500</leader>
  <controlfield tag="001">no2008167782</controlfield>
  <controlfield tag="003">DLC</controlfield>
  <controlfield tag="005">20081115081034.0</controlfield>
  <controlfield tag="008">081112n| acannaabn          |n aac     c</controlfield>
  <datafield tag="010" ind1=" " ind2=" ">
    <subfield code="a">no2008167782</subfield>
  </datafield>
  <datafield tag="035" ind1=" " ind2=" ">
    <subfield code="a">(OCoLC)oca07935133</subfield>
  </datafield>
  <datafield tag="040" ind1=" " ind2=" ">
    <subfield code="a">SaPrUSA</subfield>
    <subfield code="b">eng</subfield>
    <subfield code="c">SaPrUSA</subfield>
  </datafield>
  <datafield tag="100" ind1="1" ind2=" ">
    <subfield code="a">Khan, Muhammad Mojlum</subfield>
  </datafield>
  <datafield tag="670" ind1=" " ind2=" ">
    <subfield code="a">The Muslim 100, 2008:</subfield>
    <subfield code="b">t.p. (Muhammad Mojlum Khan) p. 4 of cover (Muhammad Mojlum Khan, b. 1973 in Habigong, Bangladesh; brought up and educated in England; studied classical Arabic and traditional Islamic sciences; awarded a degree in Business and Social Policy from University of East Anglia; author is a literary critic and a researcher in Islamic thought and history)</subfield>
  </datafield>
</record>